% 1
@inproceedings{choy20194d,
  title={4d spatio-temporal convnets: Minkowski convolutional neural networks},
  author={Choy, Christopher and Gwak, JunYoung and Savarese, Silvio},
  booktitle={Proceedings of the IEEE/CVF conference on computer vision and pattern recognition},
  pages={3075--3084},
  year={2019}
}
@inproceedings{choy20194ds,
  title={4d spatio-temporal convnets: Minkowski convolutional neural networks},
  author={Choy, Christopher and Gwak, JunYoung and Savarese, Silvio},
  year={2019}
}
